@misc{zhu2021geometricanalysisneuralcollapse,
      title={A Geometric Analysis of Neural Collapse with Unconstrained Features}, 
      author={Zhihui Zhu and Tianyu Ding and Jinxin Zhou and Xiao Li and Chong You and Jeremias Sulam and Qing Qu},
      year={2021},
      eprint={2105.02375},
      archivePrefix={arXiv},
      primaryClass={cs.LG},
      url={https://arxiv.org/abs/2105.02375}, 
}



@article{Papyan_2020,
   title={Prevalence of neural collapse during the terminal phase of deep learning training},
   volume={117},
   ISSN={1091-6490},
   url={http://dx.doi.org/10.1073/pnas.2015509117},
   DOI={10.1073/pnas.2015509117},
   number={40},
   journal={Proceedings of the National Academy of Sciences},
   publisher={Proceedings of the National Academy of Sciences},
   author={Papyan, Vardan and Han, X. Y. and Donoho, David L.},
   year={2020},
   month=sep, pages={24652â€“24663} }
